%% This BibTeX bibliography file was created using BibDesk.
%% https://bibdesk.sourceforge.io/

%% Created for Brian reppeto at 2023-07-18 22:42:42 -0400 


%% Saved with string encoding Unicode (UTF-8) 



@url{Zach2021,
	author = {Zach},
	date-added = {2023-07-18 22:38:46 -0400},
	date-modified = {2023-07-18 22:42:32 -0400},
	keywords = {The Five Assumptions for Pearson Correlation},
	lastchecked = {July 18, 2023},
	month = {November},
	rating = {5},
	read = {1},
	title = {The Five Assumptions for Pearson Correlation},
	url = {https://www.statology.org/pearson-correlation-assumptions},
	urldate = {July 18, 2023},
	year = {2021}}

@book{lander2014r,
	author = {Lander, J.P.},
	isbn = {9780321888037},
	lccn = {2013027407},
	publisher = {Addison-Wesley},
	series = {Addison-Wesley data and analytics series},
	title = {R for Everyone: Advanced Analytics and Graphics},
	url = {https://books.google.com/books?id=3eBVAgAAQBAJ},
	year = {2014},
	bdsk-url-1 = {https://books.google.com/books?id=3eBVAgAAQBAJ}}

@book{field2012discovering,
	author = {Field, A. and Miles, J. and Field, Z.},
	isbn = {9781446258460},
	publisher = {SAGE Publications},
	title = {Discovering Statistics Using R},
	url = {https://books.google.com/books?id=wd2K2zC3swIC},
	year = {2012},
	bdsk-url-1 = {https://books.google.com/books?id=wd2K2zC3swIC}}
