%% This BibTeX bibliography file was created using BibDesk.
%% https://bibdesk.sourceforge.io/

%% Created for Brian reppeto at 2023-08-08 21:23:32 -0400 


%% Saved with string encoding Unicode (UTF-8) 



@webpage{FantasyData2023,
	date-added = {2023-08-08 21:20:36 -0400},
	date-modified = {2023-08-08 21:21:49 -0400},
	keywords = {fantasy data players team},
	lastchecked = {8/8/2023},
	url = {https://fantasydata.com/nfl/fantasy-football-leaders},
	year = {2023}}

@webpage{NFL2023,
	date-added = {2023-08-06 22:23:35 -0400},
	date-modified = {2023-08-06 22:24:28 -0400},
	keywords = {NFL standings},
	lastchecked = {8/6/2023},
	url = {https://www.nfl.com/standings/division/2022/REG},
	year = {2023},
	bdsk-url-1 = {https://www.nfl.com/standings/division/2022/REG}}

@webpage{scoring2023,
	date-added = {2023-08-06 22:19:01 -0400},
	date-modified = {2023-08-06 22:21:16 -0400},
	keywords = {footballdb},
	lastchecked = {8/6/2023},
	url = {https://www.footballdb.com/fantasy-football/index.html},
	year = {2023},
	bdsk-url-1 = {https://www.footballdb.com/fantasy-football/index.html}}

@webpage{sos2023,
	date-added = {2023-08-06 22:15:01 -0400},
	date-modified = {2023-08-06 22:20:34 -0400},
	keywords = {Strenght of schedule},
	lastchecked = {8/6/2023},
	url = {https://www.teamrankings.com/nfl/ranking/schedule-strength-by-other?date=2020-02-28},
	year = {2023},
	bdsk-url-1 = {https://www.teamrankings.com/nfl/ranking/schedule-strength-by-other?date=2020-02-28}}
